@book{novig95,
	author    = {Stuart Russel and Peter Novig},
	title     = {Artificial Intelligence {-} A Modern Approach},
	publisher = {Pearson Education},
	address   = {Upper Saddle River, New Jersey 07458},
	number   = {1},
	year      = {1995}
}

@book{wooldridge95,
	author    = {Michael Wooldridge},
	title     = {An Introduction to MultiAgent Systems},
	publisher = {John Wiley and Sons Ltd},
	address   = {Krst Sussex POI0 IlJD, England},
	number   = {1},
	year      = {2004}
}

@article{parise11,
	author   = {Leone Parise Vieira da Silva e Rajiv Geeverghese},
	title  = {Implementação de uma Plataforma de Desenvolvimento de Sistema Multiagente com Abordagem Peer-to-Peer},
	keywords = {sistemas distribuídos, peer-to-peer, sistema multiagente, plataforma de desenvolvimento},
	month    = {Março},
	number   = {1},
	priority = {0},
	volume   = {01},
	url		 = {http://monografias.cic.unb.br/dspace/handle/123456789/316},
	year     = {2011}
}

@article{algirdas04,
	author    = {Algirdas Avizienis and Jean-Claude Laprie and Brian Randell and Carl Landwehr},
	title     = {Basic Concepts and Taxonomy of
				Dependable and Secure Computing},
	journal   = {IEEE Transactions On Dependable And Secure Computing},
	volume    = {1},
	number    = {1},
	year      = {2004},
	issn      = {1545-5971},
	pages     = {11--33},
	publisher = {IEEE Computer Society}
}

@article{hoffman08,
	author   = {Leah Hoffman},
	journal  = {Communications of the ACM},
	title    = {In Search of Dependable Design},
	doi      = {10.1145/1364782.1364788},
	month    = {Julho},
	number   = {7},
	pages    = {14--16},
	priority = {0},
	issn      = {1557-7317},
	url      = {http://mags.acm.org/communications/200807/?pg=16#pg17},
	volume   = {51},
	year     = {2008}
}

@book{poole98,
	author    = {David Poole and Alan Mackworth and Randy Goebel},
	title     = {Computational Intelligence: A Logical Approach},
	publisher = {Oxford University Press},
	year      = {1998}
}
